<?xml version="1.0" encoding="UTF-8"?><collection xmlns="http://www.loc.gov/MARC21/slim"><record><leader>00381nam--2200121-i-4500</leader><controlfield tag="001">000025466</controlfield><controlfield tag="002">20161230</controlfield><controlfield tag="005">20161230201035</controlfield><controlfield tag="008">060222s1000------------r-----000-0-eng-d</controlfield><datafield ind1=" " ind2=" " tag="080"><subfield code="a">061.891:061.6(047.1)</subfield></datafield><datafield ind1=" " ind2=" " tag="245"><subfield code="a">Institute for atomic studies. school of physical sciences. annual progress report:1977</subfield></datafield><datafield ind1=" " ind2=" " tag="260"><subfield code="a">Bedford Park, Flinders Univ. On South Australia, 1977</subfield></datafield><datafield ind1=" " ind2=" " tag="852"><subfield code="a">39643</subfield></datafield></record></collection>